% Encoding: UTF-8

@Electronic{we-robotica2013,
  author   = {we-robotica},
  month    = jan,
  year     = {2013},
  title    = {cinematica de robot},
  language = {espa√±ol},
  url      = {https://we-robotica.blogspot.com/2013/01/cinematica-directa-e-inversa-de-un_2737.html},
}

@Comment{jabref-meta: databaseType:bibtex;}
