% Encoding: UTF-8

@Electronic{Robots2014,
  author   = {Cinematíca de Robots},
  month    = mar,
  year     = {2014},
  title    = {Practicas de robotica},
  language = {ESPAÑOL},
  url      = {http://nbio.umh.es/files/2012/04/practica2.pdf},
}

@Comment{jabref-meta: databaseType:bibtex;}
