% Encoding: UTF-8

@Electronic{slideshare2012,
  author   = {slideshare},
  month    = nov,
  year     = {2012},
  title    = {Matriz Jacobiana},
  language = {espa√±ol},
  url      = {https://www.slideshare.net/lisbettdaniela/matriz-jacobiana-72441190},
}

@Comment{jabref-meta: databaseType:bibtex;}
