% Encoding: UTF-8

@Electronic{cartagena992016,
  author   = {cartagena99},
  month    = sep,
  year     = {2016},
  title    = {Matrices de Rotacion Ángulos de Euler},
  language = {Español},
  url      = {http://www.cartagena99.com/recursos/alumnos/apuntes/Matrices%20de%20rotacion%20y%20angulos%20de%20Euler%202016%20v4.pdf},
}

@Comment{jabref-meta: databaseType:bibtex;}
