% Encoding: UTF-8

@Electronic{ocw.ehu.eus2015,
  author   = {ocw.ehu.eus},
  month    = sep,
  year     = {2015},
  title    = {modelo geométrico y cinemático del robot},
  language = {español},
  url      = {https://ocw.ehu.eus/pluginfile.php/15326/mod_resource/content/8/T5%20CINEMATICA%20OCW_Revision.pdf},
}

@Comment{jabref-meta: databaseType:bibtex;}
