% Encoding: UTF-8

@Electronic{,
  author   = {Hector fabio},
  month    = may,
  year     = {2007},
  title    = {Manipuladores paralelos: sintesis, analisis y aplicaciones},
  language = {espa√±ol},
  url      = {https://www.researchgate.net/publication/327105926_Manipuladores_paralelos_Sintesis_analisis_y_aplicaciones},
}

@Comment{jabref-meta: databaseType:bibtex;}
