% Encoding: UTF-8

@Electronic{monografia2015,
  author   = {monografia},
  month    = dec,
  year     = {2015},
  title    = {cinematica de robot},
  language = {espa√±ol},
  url      = {https://www.monografias.com/trabajos102/fundamentos-robotica/fundamentos-robotica.shtml},
}

@Comment{jabref-meta: databaseType:bibtex;}
