% Encoding: UTF-8

@Electronic{INDIGO2014,
  author   = {ÍNDIGO},
  month    = jun,
  year     = {2014},
  title    = {ROSINSTALL},
  language = {ESPAÑOL},
  note     = {EXPLICACIÓN PASO A PASO DE ROS},
  url      = {https://www.tamps.cinvestav.mx/~arodas/install.html},
}

@Comment{jabref-meta: databaseType:bibtex;}
